
@Manual{citeR,
    title = {{R: A Language and Environment for Statistical Computing}},
    author = {{R Core Team}},
    organization = {R Foundation for Statistical Computing},
    address = {Vienna, Austria},
    year = {2023},
    url = {https://www.R-project.org/},
  }
  
  
@Article{tidyverse,
    title = {Welcome to the {tidyverse}},
    author = {Hadley Wickham and Mara Averick and Jennifer Bryan and Winston Chang and Lucy D'Agostino McGowan and Romain François and Garrett Grolemund and Alex Hayes and Lionel Henry and Jim Hester and Max Kuhn and Thomas Lin Pedersen and Evan Miller and Stephan Milton Bache and Kirill Müller and Jeroen Ooms and David Robinson and Dana Paige Seidel and Vitalie Spinu and Kohske Takahashi and Davis Vaughan and Claus Wilke and Kara Woo and Hiroaki Yutani},
    year = {2019},
    journal = {Journal of Open Source Software},
    volume = {4},
    number = {43},
    pages = {1686},
    doi = {10.21105/joss.01686},
  }  
  
  

@Misc{rstanarm,
    title = {{rstanarm: {Bayesian} applied regression modeling via {Stan}}},
    author = {Ben Goodrich and Jonah Gabry and Imad Ali and Sam Brilleman},
    note = {R package version 2.21.3},
    year = {2022},
    url = {https://mc-stan.org/rstanarm/},
  }
  
  
  
@book{tellingstories,
    title = {Telling Stories with Data},
    author = {Rohan Alexander},
    year = {2023},
    publisher = {Chapman; Hall/CRC},
    url = {https://tellingstorieswithdata.com/}
  }  
  
@article{hodgdon2024current,
  title={A Current View on Strawberry Production Practices and Trends in the Northeastern United States and Canada},
  author={Hodgdon, Elisabeth A and Conner, David S and McDermott, Laura G and Pritts, Marvin P and Handley, David T and Orde, Kaitlyn M and Sideman, Rebecca Grube},
  journal={HortTechnology},
  volume={34},
  number={5},
  pages={574--584},
  year={2024},
  publisher={American Society for Horticultural Science}
}

@book{macoun1919strawberry,
  title={The strawberry and its cultivation in Canada},
  author={Macoun, William Tyrrell and McCubbin, WA},
  year={1919},
  publisher={Department of Agriculture}
}

@Manual{arrow,
  title = {{arrow: Integration to 'Apache' 'Arrow'}},
  author = {{Apache Arrow}},
  year = {2021},
  url = {https://CRAN.R-project.org/package=arrow},
  note = {R package version 6.0.1}
}

@Manual{knitr,
  title = {{knitr: A General-Purpose Package for Dynamic Report Generation in R}},
  author = {Yihui Xie},
  year = {2021},
  url = {https://yihui.org/knitr/},
  note = {R package version 1.33}
}

@Manual{janitor,
  title = {{janitor: Simple Tools for Examining and Cleaning Dirty Data}},
  author = {Sam Firke},
  year = {2021},
  url = {https://CRAN.R-project.org/package=janitor},
  note = {R package version 2.1.0}
}

@Manual{bayesplot,
  title = {{bayesplot: Plotting for Bayesian Models}},
  author = {Gabriel Gelman and Jonah Gabry and others},
  year = {2021},
  url = {https://mc-stan.org/bayesplot},
  note = {R package version 1.8.0}
}

@Article{testthat,
    author = {Hadley Wickham},
    title = {testthat: Get Started with Testing},
    journal = {The R Journal},
    year = {2011},
    volume = {3},
    pages = {5--10},
    url = {https://journal.r-project.org/archive/2011-1/RJournal_2011-1_Wickham.pdf},
}

@Manual{here,
    title = {here: A Simpler Way to Find Your Files},
    author = {Kirill Müller},
    year = {2020},
    note = {R package version 1.0.1},
    url = {https://CRAN.R-project.org/package=here},
  }
  
@Article{modelsummary,
    title = {{modelsummary}: Data and Model Summaries in {R}},
    author = {Vincent Arel-Bundock},
    journal = {Journal of Statistical Software},
    year = {2022},
    volume = {103},
    number = {1},
    pages = {1--23},
    doi = {10.18637/jss.v103.i01},
  }
  


@misc{filipp2024hammer,
  author = {Jacob Filipp},
  title = {Hammer - A Modern Statistical Computing Tool},
  year = {2024},
  url = {https://jacobfilipp.com/hammer/},
  note = {Accessed: 2024-12-01}
}

